% Optional fields: volume/number, series, address, edition, month, note
@BOOK{data_comp_explained,
    author = "Matt \sc{Mahoney}",
    title = "Data Compression Explained",
    publisher = "Dell",
    year = "2010",
    address = "\url{http://mattmahoney.net/dc/dce.html}"
}

% Optional fields: volume/number, series, address, edition, month, note
@BOOK{intro_proba,
    author = "Pierre \sc{Brémaud}",
    title = "Introduction aux Probabilités",
    publisher = "Springer",
    year = "1997",
    series = "\sc{isbn} 3-540-13612-6"
}

% Optional fields: volume/number, series, address, edition, month, note
@BOOK{coding_crypto,
    author = "T. W. \sc{Körner}",
    title = "Coding and Cryptography",
    publisher = "\sc{dpmms}",
    year = "2017",
    volume = "Part \sc{ii}",
    address = "\url{http://www.dpmms.cam.ac.uk/\textasciitilde twk/Shan.pdf}"
}

% Optional fields: type, address, month, note
@MASTERSTHESIS{dev_comp_spertes,
    author = "Vincent \sc{Beaudoin}",
    title = "Développement de nouvelles techiques de compression de données sans perte",
    school = "Université de \sc{Laval} - \sc{Québec}",
    year = "2008",
    address = "\url{http://www.theses.ulaval.ca/2009/25945/25945.pdf}"
}

% Optional fields: editor, volume/number, series, pages, address, month, organization, publisher, note
@CONFERENCE{algo_adapt,
    author = "Jean-Pierre \sc{Tillich}",
    title = "Algorithmes de codage de source adaptatifs",
    booktitle = "Théorie de l'information",
    year = "2016",
    volume = "Cours 4",
    address = "\url{https://www.rocq.inria.fr/secret/Jean-Pierre.Tillich/enseignement/X2015/cours4.pdf}"
}

% Optional fields: volume, number, pages, month, note
@CONFERENCE{huff_dyn,
    author = "Université Pierre et Marie \sc{Curie}",
    title = "Huffman dynamique",
    booktitle = "Algorithmique Avancée",
    year = "2010",
    volume = "Master",
    address = "premier lien de la recherche \sf{Google} \tt{[huffman~dynamique~jussieu]}"
}
